% Use this file for citations not found in the ACL Anthology (contained in "anthology.bib").

@inproceedings{Aliannejadi2019,
   author = {Mohammad Aliannejadi and Hamed Zamani and Fabio Crestani and W. Bruce Croft},
   city = {New York, NY, USA},
   doi = {10.1145/3331184.3331265},
   isbn = {9781450361729},
   booktitle = {Proceedings of the 42nd International ACM SIGIR Conference on Research and Development in Information Retrieval},
   month = {7},
   pages = {475-484},
   publisher = {ACM},
   title = {Asking Clarifying Questions in Open-Domain Information-Seeking Conversations},
   url = {https://doi.org/10.1145/3331184.3331265},
   year = {2019}
}
@article{Ni2021,
   author = {Jianmo Ni and Gustavo Hernández Ábrego and Noah Constant and Ji Ma and Keith B. Hall and Daniel Cer and Yinfei Yang},
   month = {8},
   title = {Sentence-T5: Scalable Sentence Encoders from Pre-trained Text-to-Text Models},
   url = {https://doi.org/10.48550/arXiv.2108.08877},
   year = {2021}
}
@article{Reimers2019,
   author = {Nils Reimers and Iryna Gurevych},
   month = {8},
   title = {Sentence-BERT: Sentence Embeddings using Siamese BERT-Networks},
   url = {https://doi.org/10.48550/arXiv.1908.10084},
   year = {2019}
}
@article{Salle2022,
   author = {Alexandre Salle and Shervin Malmasi and Oleg Rokhlenko and Eugene Agichtein},
   doi = {10.1007/s10791-022-09404-z},
   issn = {1386-4564},
   issue = {2},
   journal = {Information Retrieval Journal},
   month = {6},
   pages = {209-238},
   title = {CoSearcher: studying the effectiveness of conversational search refinement and clarification through user simulation},
   volume = {25},
   url = {https://doi.org/10.1007/s10791-022-09404-z},
   year = {2022}
}
@article{Wang2022,
   author = {Zhenduo Wang and Qingyao Ai},
   doi = {10.1145/3507357},
   issn = {1046-8188},
   issue = {4},
   journal = {ACM Transactions on Information Systems},
   month = {10},
   pages = {1-33},
   title = {Simulating and Modeling the Risk of Conversational Search},
   volume = {40},
   url = {https://doi.org/10.1145/3507357},
   year = {2022}
}
